<record><leader>00000cas a2200000 a 4500</leader><controlfield tag="001">13483972</controlfield><controlfield tag="008">860423d19801983kyuwr ne      0    0eng d</controlfield><datafield ind1=" " ind2=" " tag="010"><subfield code="a">sn 86069114 </subfield></datafield><datafield ind1=" " ind2=" " tag="040"><subfield code="a">KNP</subfield><subfield code="b">eng</subfield><subfield code="c">KNP</subfield><subfield code="d">OCL</subfield><subfield code="d">OCLCQ</subfield></datafield><datafield ind1=" " ind2=" " tag="042"><subfield code="a">msc</subfield></datafield><datafield ind1="0" ind2=" " tag="130"><subfield code="a">Paris enterprise (Paris, Ky. : 1980)</subfield></datafield><datafield ind1="1" ind2="0" tag="245"><subfield code="a">Paris enterprise.</subfield></datafield><datafield ind1=" " ind2=" " tag="260"><subfield code="a">Paris, Ky. :</subfield><subfield code="b">Bourbon County Pub. Co.,</subfield><subfield code="c">1980-1983.</subfield></datafield><datafield ind1=" " ind2=" " tag="300"><subfield code="a">v. :</subfield><subfield code="b">ill.</subfield></datafield><datafield ind1=" " ind2=" " tag="310"><subfield code="a">Weekly</subfield></datafield><datafield ind1=" " ind2=" " tag="321"><subfield code="a">Three times a week</subfield></datafield><datafield ind1="0" ind2=" " tag="362"><subfield code="a">Vol. 38, no. 169 (Jan. 2, [1980])-v. 42, no. 56 (Dec. 5, 1983).</subfield></datafield><datafield ind1=" " ind2=" " tag="515"><subfield code="a">Jan. 2, 1980 issue misdated Jan. 2, 1979.</subfield></datafield><datafield ind1=" " ind2="4" tag="651"><subfield code="a">Bourbon County (Ky.)</subfield><subfield code="v">Newspapers.</subfield></datafield><datafield ind1=" " ind2="4" tag="651"><subfield code="a">Paris (Ky.)</subfield><subfield code="v">Newspapers.</subfield></datafield><datafield ind1=" " ind2=" " tag="752"><subfield code="a">United States</subfield><subfield code="b">Kentucky</subfield><subfield code="c">Bourbon</subfield><subfield code="d">Paris.</subfield></datafield><datafield ind1="0" ind2="0" tag="780"><subfield code="t">Daily enterprise (Paris, Ky. : 1978)</subfield><subfield code="w">(DLC)sn 86069115</subfield></datafield><datafield ind1="1" ind2=" " tag="029"><subfield code="a">AU@</subfield><subfield code="b">000021635904</subfield></datafield></record>